<?xml version="1.0" encoding="UTF-8"?><record xmlns="http://www.loc.gov/MARC21/slim" xmlns:cinclude="http://apache.org/cocoon/include/1.0" xmlns:zs="http://www.loc.gov/zing/srw/">
  <leader>00543nz  a2200133n  4500</leader>
  <controlfield tag="001">nr2004037921</controlfield>
  <controlfield tag="003">DLC</controlfield>
  <controlfield tag="005">20041218033135.0</controlfield>
  <controlfield tag="008">041217n| acannaabn          |a ana     c</controlfield>
  <datafield tag="010" ind1=" " ind2=" ">
    <subfield code="a">nr2004037921</subfield>
  </datafield>
  <datafield tag="040" ind1=" " ind2=" ">
    <subfield code="a">CSt-Law</subfield>
    <subfield code="b">eng</subfield>
    <subfield code="c">CSt-Law</subfield>
  </datafield>
  <datafield tag="110" ind1="2" ind2=" ">
    <subfield code="a">Universidad de Chile.</subfield>
    <subfield code="b">Centro de Estudios de la Justicia</subfield>
  </datafield>
  <datafield tag="410" ind1="2" ind2=" ">
    <subfield code="a">Universidad de Chile.</subfield>
    <subfield code="b">Facultad de Derecho.</subfield>
    <subfield code="b">Centro de Estudios de la Justicia</subfield>
  </datafield>
  <datafield tag="670" ind1=" " ind2=" ">
    <subfield code="a">EvaluacioĚn de la reforma procesal penal chilena, 2002?:</subfield>
    <subfield code="b">cover (Centro de Estudios de la Justicia, Escuela de Derecho, Universidad de Chile)</subfield>
  </datafield>
</record>